<record><leader>00000cas a22000007a 4500</leader><controlfield tag="001">10509513</controlfield><controlfield tag="008">840312d18341841mauir ne      0    0eng d</controlfield><datafield ind1=" " ind2=" " tag="010"><subfield code="a">sn 84022628 </subfield></datafield><datafield ind1=" " ind2=" " tag="040"><subfield code="a">NPX</subfield><subfield code="b">eng</subfield><subfield code="c">NPX</subfield><subfield code="d">MGN</subfield><subfield code="d">OCLCQ</subfield><subfield code="d">AQM</subfield></datafield><datafield ind1="1" ind2=" " tag="029"><subfield code="a">AU@</subfield><subfield code="b">000025817156</subfield></datafield><datafield ind1=" " ind2=" " tag="042"><subfield code="a">msc</subfield></datafield><datafield ind1=" " ind2=" " tag="043"><subfield code="a">n-us-ma</subfield></datafield><datafield ind1="0" ind2=" " tag="130"><subfield code="a">Evening mercantile journal (Boston, Mass. : Triweekly)</subfield></datafield><datafield ind1="1" ind2="0" tag="245"><subfield code="a">Evening mercantile journal.</subfield></datafield><datafield ind1=" " ind2=" " tag="260"><subfield code="a">Boston :</subfield><subfield code="b">[John Ford]</subfield></datafield><datafield ind1=" " ind2=" " tag="300"><subfield code="a">v.</subfield></datafield><datafield ind1=" " ind2=" " tag="310"><subfield code="a">Triweekly</subfield></datafield><datafield ind1="1" ind2=" " tag="362"><subfield code="a">Began in Jan. 1834? Ceased in Mar. 1841?</subfield></datafield><datafield ind1=" " ind2=" " tag="500"><subfield code="a">Edited by John S. Sleeper, who wrote under the name Hawser Martingale.</subfield></datafield><datafield ind1=" " ind2=" " tag="580"><subfield code="a">Daily ed.: Evening mercantile journal (Boston, Mass. : Daily).</subfield></datafield><datafield ind1=" " ind2=" " tag="580"><subfield code="a">Weekly eds. : Boston mercantile journal, and spirit of the age, 1834-1837; Boston mercantile journal (Boston, Mass. : 1837), 1837-1841.</subfield></datafield><datafield ind1=" " ind2=" " tag="580"><subfield code="a">Semiweekly ed. : Boston mercantile journal (Boston, Mass. : Semiweekly).</subfield></datafield><datafield ind1=" " ind2=" " tag="588"><subfield code="a">Description based on: Jan. 3, 1835.</subfield></datafield><datafield ind1=" " ind2="7" tag="655"><subfield code="a">Newspapers.</subfield><subfield code="2">rbgenr</subfield></datafield><datafield ind1=" " ind2=" " tag="752"><subfield code="a">United States</subfield><subfield code="b">Massachusetts</subfield><subfield code="c">Suffolk</subfield><subfield code="d">Boston.</subfield></datafield><datafield ind1="1" ind2=" " tag="775"><subfield code="t">Evening mercantile journal (Boston, Mass. : Daily)</subfield><subfield code="w">(DLC)sn 84022617</subfield></datafield><datafield ind1="1" ind2=" " tag="775"><subfield code="t">Boston mercantile journal, and spirit of the age</subfield><subfield code="w">(DLC)sn 84022623</subfield></datafield><datafield ind1="1" ind2=" " tag="775"><subfield code="t">Boston mercantile journal (Boston, Mass. : 1837)</subfield><subfield code="w">(DLC)sn 84022624</subfield></datafield><datafield ind1="1" ind2=" " tag="775"><subfield code="t">Boston mercantile journal (Boston, Mass. : Semiweekly)</subfield><subfield code="w">(DLC)sn 84022620</subfield></datafield></record>